###############FPGA optimization effort###########
@inproceedings{best_effort_fpga_programming_arxiv18,
	author = {Jason Cong, Zhenman Fang, Yuchen Hao, Peng Wei, Cody Hao Yu, Chen Zhang and Peipei Zhou
	},
	title = {	Best-Effort FPGA Programming: A Few Steps Can Go a Long Way},
	booktitle = {Arxiv},
	year = {2018},
} 

@INPROCEEDINGS{auto_code_generation_dac18, 
author={J. Cong and P. Wei and C. H. Yu and P. Zhang}, 
booktitle={DAC}, 
title={Automated Accelerator Generation and Optimization with Composable, Parallel and Pipeline Architecture}, 
year={2018}, 
}

@INPROCEEDINGS{opencl_hpc_sc16, 
author={H. R. Zohouri and N. Maruyama and A. Smith and M. Matsuda and S. Matsuoka}, 
booktitle={SC}, 
title={Evaluating and Optimizing OpenCL Kernels for High Performance Computing with FPGAs}, 
year={2016}, 
}

@inproceedings{chang2017collaborative,
	title={Collaborative Computing for Heterogeneous Integrated Systems},
	author={Chang, Li-Wen and G{\'o}mez-Luna, Juan and El Hajj, Izzat and Huang, Sitao and Chen, Deming and Hwu, Wen-mei},
	booktitle={ ICPE },
	year={2017}
}

@inproceedings{comba_iccad17,
 author = {Zhao, Jieru and Feng, Liang and Sinha, Sharad and Zhang, Wei and Liang, Yun and He, Bingsheng},
 title = {COMBA: A Comprehensive Model-based Analysis Framework for High Level Synthesis of Real Applications},
 booktitle = {ICCAD},
 year = {2017},
} 

@INPROCEEDINGS{flexcl_dac17, 
	author={S. Wang and Y. Liang and Wei Zhang}, 
	booktitle={DAC}, 
	title={FlexCL: An analytical performance model for OpenCL workloads on flexible FPGAs}, 
	year={2017}, 
}

@ARTICLE{flexcl_tc18, 
	author={Y. Liang and S. Wang and W. Zhang}, 
	journal={TC}, 
	title={FlexCL: A Model of Performance and Power for OpenCL Workloads on FPGAs}, 
	year={2018}, 
}

@inproceedings{gzip_iwocl14,
	author = {Abdelfattah, Mohamed S. and Hagiescu, Andrei and Singh, Deshanand},
	title = {Gzip on a Chip: High Performance Lossless Data Compression on FPGAs Using OpenCL},
	booktitle = {IWOCL},
	year = {2014},
} 

@INPROCEEDINGS{partition_fpl15, 
	author={Z. Wang and B. He and W. Zhang}, 
	booktitle={FPL}, 
	title={A study of data partitioning on OpenCL-based FPGAs}, 
	year={2015},
	}

@INPROCEEDINGS{fpga_opencl_model_hpca16, 
author={Z. Wang and B. He and W. Zhang and S. Jiang}, 
booktitle={HPCA}, 
title={A performance analysis framework for optimizing OpenCL applications on FPGAs}, 
year={2016}, 
}

@inproceedings{atomic_fpga16,
 author = {Ramanathan, Nadesh and Wickerson, John and Winterstein, Felix and Constantinides, George A.},
 title = {A Case for Work-stealing on FPGAs with OpenCL Atomics},
 booktitle = {FPGA},
 year = {2016},
 numpages = {6},
 ;series = {FPGA '16},
 ;pages = {48--53},

} 

@article{query_gpu_tods09,
 author = {He, Bingsheng and Lu, Mian and Yang, Ke and Fang, Rui and Govindaraju, Naga K. and Luo, Qiong and Sander, Pedro V.},
 title = {Relational Query Coprocessing on Graphics Processors},
 journal = {TODS},
 year = {2009},
} 

@INPROCEEDINGS{query_openCL_fpga_fpl16, 
author={Z. Wang and J. Paul and H. Y. Cheah and B. He and W. Zhang}, 
booktitle={FPL}, 
title={Relational query processing on OpenCL-based FPGAs}, 
year={2016}, 
}


@article{omnidb_vldb13,
 author = {Zhang, Shuhao and He, Jiong and He, Bingsheng and Lu, Mian},
 title = {OmniDB: Towards Portable and Efficient Query Processing on Parallel CPU/GPU Architectures},
 journal = {VLDB},
 year = {2013},
} 

@INPROCEEDINGS{gather_scatter_sc07, 
author={B. He and N. K. Govindaraju and Q. Luo and B. Smith}, 
booktitle={SC}, 
title={Efficient gather and scatter operations on graphics processors}, 
year={2007}, 
}



@TECHREPORT{scan_gpu_nvidia07,
	AUTHOR =       {Mark Harris},
	TITLE =       {{Parallel Prefix Sum (Scan) with CUDA}},
	INSTITUTION =  {Nvidia},
	YEAR =         {2007},
	number =       {},
	address =      {https://www.mimuw.edu.pl/~ps209291/kgkp/slides/scan.pdf},
}


@INPROCEEDINGS{hardware_oblivious_vldb13,
	author = {Heimel, Max and Saecker, Michael and Pirk, Holger and Manegold, Stefan and Markl, Volker},
	title = {Hardware-oblivious Parallelism for In-memory Column-stores},
	booktitle = {VLDB},

	year = {2013},

}


@inproceedings{xilinx_opencl,
	author = "{Loring Wirbel}",
	title = {{Xilinx SDAccel A Unified Development Environment for Tomorrowâ€™s Data Center}},
	year = {2014},
	url = {http://www.altera.com/literature/hb/opencl-sdk/aocl_optimization_guide.pdf},
}


@inproceedings{he_sigmod_08,
 author = {He, Bingsheng and Yang, Ke and Fang, Rui and Lu, Mian and Govindaraju, Naga and Luo, Qiong and Sander, Pedro},
 title = {Relational Joins on Graphics Processors},
 booktitle = {SIGMOD},
 year = {2008},
;pages = {511--524},
}

@article{He_tds_09,
 author = {He, Bingsheng and Lu, Mian and Yang, Ke and Fang, Rui and Govindaraju, Naga K. and Luo, Qiong and Sander, Pedro V.},
 title = {Relational Query Coprocessing on Graphics Processors},
 journal = {ACM Trans. Database Syst.},
 year = {2009},
}


@article{altera_optimization,
author = "{Intel}",
title = {{Intel SDK for OpenCL Optimization Guide}},
year = {2018},
url = {http://www.altera.com/literature/hb/opencl-sdk/aocl_optimization_guide.pdf},
}


@inproceedings{JiongVLDB13,
 author = {He, Jiong and Lu, Mian and He, Bingsheng},
 title = {{Revisiting Co-processing for Hash Joins on the Coupled CPU-GPU Architecture}},
 booktitle = {VLDB},
 year = {2013},
}

@inproceedings{JiongVLDB15,
 author = {He, Jiong and Zhang, Shuhao and He, Bingsheng},
 title = {{In-Cache Query Co-Processing on Coupled CPU-GPU Architectures}},
 booktitle = {VLDB},
 year = {2015},
}

@INPROCEEDINGS{rodinia_iiswc09, 
	author={S. Che, M. Boyer, J. Meng, D. Tarjan, J. W. Sheaffer, S. Lee and K. Skadron}, 
	booktitle={IISWC}, 
	title={Rodinia: A benchmark suite for heterogeneous computing}, 
	year={2009}
	}
